%%%
%%% EXAMPLE OF BIBLIOGRAPHIC DATABASE
%%% FOR THE GENERATION OF THE LIST OF REFERENCES USING BibTeX
%%%
%%%  AUTHORS:  Arnost Komarek (komarek@karlin.mff.cuni.cz), 2011
%%%            Michal Kulich (kulich@karlin.mff.cuni.cz), 2013
%%%
%%% Recommended software for the maintenance of bibliographic databases:
%%%     JabRef, http://jabref.sourceforge.net/
%%%
%%% WARNING!
%%%    1. Letters in the titles to be always printed in uppercase
%%%       must be enclosed in braces  ({T}hailand, {HIV})
%%%    2. After each change in the citations or in the bib file the entire document
%%%       must be recompiled by the sequence latex+bibtex+latex+latex
%%%%  ===========================================================================


@inproceedings{visualgenome,
  title={Visual Genome: Connecting Language and Vision Using Crowdsourced Dense Image Annotations},
  author={Krishna, Ranjay and Zhu, Yuke and Groth, Oliver and Johnson, Justin and Hata, Kenji and Kravitz, Joshua and Chen, Stephanie and Kalantidis, Yannis and Li, Li-Jia and Shamma, David A and Bernstein, Michael and Fei-Fei, Li},
  year = {2016},
  url = {https://arxiv.org/abs/1602.07332},
}

@article{matchwords,
  title={Matching words and pictures},
  author={Barnard, Kobus and Duygulu, Pinar and Forsyth, David and Freitas, Nando de and Blei, David M and Jordan, Michael I},
  journal={Journal of machine learning research},
  volume={3},
  number={Feb},
  pages={1107--1135},
  year={2003}
}

@article{babytalk,
  title={Babytalk: Understanding and generating simple image descriptions},
  author={Kulkarni, Girish and Premraj, Visruth and Ordonez, Vicente and Dhar, Sagnik and Li, Siming and Choi, Yejin and Berg, Alexander C and Berg, Tamara L},
  journal={IEEE Transactions on Pattern Analysis and Machine Intelligence},
  volume={35},
  number={12},
  pages={2891--2903},
  year={2013},
  publisher={IEEE}
}

@inproceedings{2012imagenet,
  title={Imagenet classification with deep convolutional neural networks},
  author={Krizhevsky, Alex and Sutskever, Ilya and Hinton, Geoffrey E},
  booktitle={Advances in neural information processing systems},
  pages={1097--1105},
  year={2012}
}

@article{2014neural,
  title={Neural machine translation by jointly learning to align and translate},
  author={Bahdanau, Dzmitry and Cho, Kyunghyun and Bengio, Yoshua},
  journal={arXiv preprint arXiv:1409.0473},
  year={2014}
}

@inproceedings{karpathy2015deep,
  title={Deep visual-semantic alignments for generating image descriptions},
  author={Karpathy, Andrej and Fei-Fei, Li},
  booktitle={Proceedings of the IEEE Conference on Computer Vision and Pattern Recognition},
  pages={3128--3137},
  year={2015}
}

@inproceedings{vinyals2015show,
  title={Show and tell: A neural image caption generator},
  author={Vinyals, Oriol and Toshev, Alexander and Bengio, Samy and Erhan, Dumitru},
  booktitle={Proceedings of the IEEE conference on computer vision and pattern recognition},
  pages={3156--3164},
  year={2015}
}

@phdthesis{karpathy,
  title={Connecting Images and Natural Language},
  author={Karpathy, Andrej},
  year={2016},
  school={Stanford University}
}

@article{hodosh2013framing,
  title={Framing image description as a ranking task: Data, models and evaluation metrics},
  author={Hodosh, Micah and Young, Peter and Hockenmaier, Julia},
  journal={Journal of Artificial Intelligence Research},
  volume={47},
  pages={853--899},
  year={2013}
}

@inproceedings{mscoco,
  title={Microsoft coco: Common objects in context},
  author={Lin, Tsung-Yi and Maire, Michael and Belongie, Serge and Hays, James and Perona, Pietro and Ramanan, Deva and Doll{\'a}r, Piotr and Zitnick, C Lawrence},
  booktitle={European conference on computer vision},
  pages={740--755},
  year={2014},
  organization={Springer}
}

@inproceedings{mikolov2010recurrent,
  title={Recurrent neural network based language model.},
  author={Mikolov, Tomas and Karafi{\'a}t, Martin and Burget, Lukas and Cernock{\`y}, Jan and Khudanpur, Sanjeev},
  booktitle={Interspeech},
  volume={2},
  pages={3},
  year={2010}
}

@inproceedings{kombrink2011recurrent,
  title={Recurrent neural network based language modeling in meeting recognition},
  author={Kombrink, Stefan and Mikolov, Tom{\'a}{\v{s}} and Karafi{\'a}t, Martin and Burget, Luk{\'a}{\v{s}}},
  booktitle={Twelfth Annual Conference of the International Speech Communication Association},
  year={2011}
}
